<record><leader>00000cas a22000007a 4500</leader><controlfield tag="001">13457661</controlfield><controlfield tag="008">860419d19091911nvudn ne      0    0eng d</controlfield><datafield ind1=" " ind2=" " tag="010"><subfield code="a">sn 86091338 </subfield></datafield><datafield ind1=" " ind2=" " tag="040"><subfield code="a">UNP</subfield><subfield code="b">eng</subfield><subfield code="c">UNP</subfield><subfield code="d">NNX</subfield><subfield code="d">OCLCQ</subfield></datafield><datafield ind1=" " ind2=" " tag="042"><subfield code="a">msc</subfield></datafield><datafield ind1=" " ind2="4" tag="050"><subfield code="a">AN2.N3</subfield><subfield code="b">E44</subfield></datafield><datafield ind1="0" ind2=" " tag="130"><subfield code="a">Elko free press (1909)</subfield></datafield><datafield ind1="1" ind2="0" tag="245"><subfield code="a">Elko free press.</subfield></datafield><datafield ind1=" " ind2=" " tag="260"><subfield code="a">Elko, Nev. :</subfield><subfield code="b">Free Press Pub. Co.,</subfield><subfield code="c">1909-1911.</subfield></datafield><datafield ind1=" " ind2=" " tag="300"><subfield code="a">v. :</subfield><subfield code="b">ill. (chiefly ads.)</subfield></datafield><datafield ind1=" " ind2=" " tag="310"><subfield code="a">Daily (except Sun.)</subfield></datafield><datafield ind1="0" ind2=" " tag="362"><subfield code="a">Vol. 53, no. 328 (Feb. 9, 1909)-v. 61, no. 153 (Dec. 31, 1910); v. 14, no. 1 (Jan. 3, 1911)-v. 14, no. 61 (Mar. 5 1911).</subfield></datafield><datafield ind1=" " ind2=" " tag="515"><subfield code="a">Some issues incorrectly numbered.</subfield></datafield><datafield ind1=" " ind2=" " tag="752"><subfield code="a">United States</subfield><subfield code="b">Nevada</subfield><subfield code="c">Elko</subfield><subfield code="d">Elko.</subfield></datafield><datafield ind1="0" ind2="0" tag="780"><subfield code="t">Daily free press (Elko, Nev. : 1908)</subfield><subfield code="w">(DLC)sn 86091337</subfield><subfield code="w">(OCoLC)13457644</subfield></datafield><datafield ind1="0" ind2="0" tag="785"><subfield code="t">Daily free press (Elko, Nev. : 1911)</subfield><subfield code="w">(DLC)sn 86091339</subfield><subfield code="w">(OCoLC)13457674</subfield></datafield></record>